<?xml version="1.0" encoding="UTF-8"?><collection xmlns="http://www.loc.gov/MARC21/slim"><record><leader>00557nam--2200181-u-4500</leader><controlfield tag="001">000055623</controlfield><controlfield tag="002">20161230</controlfield><controlfield tag="005">20161230201052</controlfield><controlfield tag="008">130301s1000------------r-----000-0-eng-d</controlfield><datafield ind1=" " ind2=" " tag="040"><subfield code="a">IFIN-HH</subfield></datafield><datafield ind1=" " ind2=" " tag="080"><subfield code="a">62=20=82:801=20=82</subfield></datafield><datafield ind1="1" ind2=" " tag="100"><subfield code="a">Chernukhin, A.E</subfield></datafield><datafield ind1="1" ind2="0" tag="245"><subfield code="a">English-russian polytechnical dictionary</subfield><subfield code="b">Snglo-russkii politehniceskii slovari</subfield><subfield code="c">A.e. chernukhin (ed.)</subfield></datafield><datafield ind1=" " ind2=" " tag="250"><subfield code="a">Fourth Stereotype Edition Complere With Addenda</subfield></datafield><datafield ind1=" " ind2=" " tag="260"><subfield code="a">Moskva</subfield><subfield code="b">Russian Language</subfield><subfield code="c">1979</subfield></datafield><datafield ind1=" " ind2=" " tag="300"><subfield code="a">687P</subfield></datafield><datafield ind1=" " ind2=" " tag="852"><subfield code="a">D.541</subfield><subfield code="c">SLCH</subfield></datafield><datafield ind1=" " ind2=" " tag="CAT"><subfield code="a">Sys</subfield><subfield code="c">20130301</subfield><subfield code="h">150232</subfield></datafield></record></collection>